@book{Klimov,
	author		=	{Victor I. Klimov},
	title			=	{Nanocrystal Quantum Dots},
	publisher	=	{CRC Press},
	isbn			=	{978-1-4200-7926-5},
	edition		=	{{S}econd {E}dition},
	year			=	{2010},
	language	=	{English},
}



@article{DLTS_paper,
    author  = {Deniz Bozyigit, Michael Jakob, Olesya Yarema, and Vanessa Wood},
    title   = {Deep Level Transient Spectroscopy (DLTS) on Colloidal-Synthesized Nanocrystal Solids},
    journal = {},
    volume  = {},
    year    = {2012},
    month		= {November},
    pages   = {},
}



@article{Hines2003,
    author  = {Margaret A. Hines, Gregory D. Scholes},
    title   = {Colloidal PbS Nanocrystals with Size-Turnable Near-Infrared Emission: Observation of Post-Synthesis Self-Narrowing of the Particle Size Distribution},
    journal = {Advanced Materials},
    volume  = {21},
    year    = {2003},
    month		= {November},
    pages   = {1844--1849},
}



@article{Ip2012,
    author  = {Alexander H. Ip et. al.},
    title   = {Hybrid passivated colloidal quantum dot solids},
    journal = {nature nanotechnology},
    volume  = {},
    year    = {2012},
    month		= {July},
    pages   = {1--6},
}



@article{Tang2011,
    author  = {Jiang Tang, Edward H. Sargent},
    title   = {Infrared Colloidal Quantum Dots for Photovoltaics: Fundamental and Recent Progress},
    journal = {Advanced Materials},
    volume  = {},
    year    = {2011},
    pages   = {12--29},
}



@manual{OMENmanual,
		address				=	{},
		title					=	{OMEN Manual},
		year					=	{2012},
		month					= {October},
		author				=	{Mathieu Luisier},
		organization	=	{ETH Zürich, Integrated Systems Laboratory},
}